


@article{Neumaier,
author = {Neumaier, Felix and Zlatopolskiy, Boris and Neumaier, Bernd},
year = {2023},
month = {03},
pages = {2890},
title = {Mutated Isocitrate Dehydrogenase (mIDH) as Target for PET Imaging in Gliomas},
volume = {28},
journal = {Molecules},
doi = {10.3390/molecules28072890}
}


@misc{UltraLowDosePET2022,
  title = {Ultra-low Dose PET Imaging Challenge 2022},
  howpublished = {\url{https://doi.org/10.5281/zenodo.6361846}},
  year = {2022},
  note = {Accessed: 2025-01-20}
}

@article{Ren2022,
  author = {Ren, Mengwei and Delbracio, Mauricio and Talebi, Hossein and Gerig, Guido and Milanfar, Peyman},
  title = {Multiscale Structure Guided Diffusion for Image Deblurring},
  journal = {arXiv preprint arXiv:2212.01789},
  year = {2022},
  note = {Accessed: 2025-01-20},
  url = {https://arxiv.org/abs/2212.01789}
}

@article{Saharia2022,
  author = {Saharia, Chitwan and Ho, Jonathan and Chan, William and Salimans, Tim and Fleet, David J. and Norouzi, Mohammad},
  title = {Image Super-Resolution via Iterative Refinement},
  journal = {IEEE Transactions on Pattern Analysis and Machine Intelligence},
  year = {2022},
  note = {Accessed: 2025-01-20},
  url = {https://ieeexplore.ieee.org/document/9887996}
}

@article{Zhu2022,
  author = {Zhu, Ye and Wu, Yu and Olszewski, Kyle and Ren, Jian and Tulyakov, Sergey and Yan, Yan},
  title = {Discrete Contrastive Diffusion for Cross-Modal and Conditional Generation},
  journal = {arXiv preprint arXiv:2206.07771},
  year = {2022},
  note = {Accessed: 2025-01-20},
  url = {https://arxiv.org/pdf/2206.07771}
}

@article{Haggstrom2019,
  author = {H{\"a}ggstr{\"o}m, Ida and Schmidtlein, Charles R. and Campanella, Gabriel and Fuchs, Thomas J.},
  title = {DeepPET: A Deep Encoder–Decoder Network for Direct PET Image Reconstruction},
  journal = {Medical Image Analysis},
  volume = {54},
  pages = {253--262},
  year = {2019},
  note = {Accessed: 2025-01-20},
  url = {https://www.sciencedirect.com/science/article/pii/S1361841518306723}
}

@article{Wang2018,
  author = {Wang, Ying and Zhou, Lei and Yu, Biao and Wang, Li and Zu, Chao and Lalush, David S. and Lin, Weili and Wu, Xiaoping and Zhou, Jiliu and Shen, Dinggang},
  title = {3D Conditional Generative Adversarial Networks for High-Quality PET Image Estimation at Low Dose},
  journal = {NeuroImage},
  volume = {174},
  pages = {550--562},
  year = {2018},
  note = {Accessed: 2025-01-20},
  url = {https://www.sciencedirect.com/science/article/pii/S1053811918304961}
}

@article{Yu2019,
  author = {Yu, Biao and Zhou, Lei and Wang, Li and Shi, Feng and Fripp, Jurgen and Bourgeat, Pierrick},
  title = {Ea-GANs: Edge-Aware Generative Adversarial Networks for Cross-Modality MR Image Synthesis},
  journal = {IEEE Transactions on Medical Imaging},
  volume = {38},
  number = {7},
  pages = {1750--1762},
  year = {2019},
  note = {Accessed: 2025-01-20},
  url = {https://ieeexplore.ieee.org/document/8629301}
}

@article{Luo2022,
  author = {Luo, Yating and Zhou, Lei and Zhan, Bo and Fei, Yanan and Zhou, Jiliu and Wang, Ying and Shen, Dinggang},
  title = {Adaptive Rectification Based Adversarial Network with Spectrum Constraint for High-quality PET Image Synthesis},
  journal = {Medical Image Analysis},
  volume = {77},
  pages = {102335},
  year = {2022},
  note = {Accessed: 2025-01-20},
  url = {https://www.sciencedirect.com/science/article/pii/S1361841522000021}
}

@inproceedings{Zeng2022,
  author = {Zeng, Peipei and Zhou, Lei and Zu, Chao and Zeng, Xiaoyun and Jiao, Zonglei and Wu, Xiaoping and Zhou, Jiliu and Shen, Dinggang and Wang, Ying},
  title = {3D CVT-GAN: A 3D Convolutional Vision Transformer-GAN for PET Reconstruction},
  booktitle = {Medical Image Computing and Computer Assisted Intervention -- MICCAI 2022},
  pages = {516--526},
  year = {2022},
  note = {Accessed: 2025-01-20},
  url = {https://link.springer.com/chapter/10.1007/978-3-031-16446-0_49}
}

@inproceedings{Vahdat2020,
  author = {Vahdat, Arash and Kautz, Jan},
  title = {NVAE: A Deep Hierarchical Variational Autoencoder},
  booktitle = {Advances in Neural Information Processing Systems (NeurIPS)},
  year = {2020},
  note = {Accessed: 2025-01-20},
  url = {https://proceedings.neurips.cc/paper/2020/file/e3b21256183cf7c2c7a66be163579d37-Paper.pdf}
}

@ARTICLE{363108,
  author={Hudson, H.M. and Larkin, R.S.},
  journal={IEEE Transactions on Medical Imaging}, 
  title={Accelerated image reconstruction using ordered subsets of projection data}, 
  year={1994},
  volume={13},
  number={4},
  pages={601-609},
  keywords={Acceleration;Image reconstruction;Iterative algorithms;Convergence;Image restoration;Single photon emission computed tomography;Positron emission tomography;Bayesian methods;Application software},
  doi={10.1109/42.363108}}


@article{POLSON2025102020,
title = {PyTomography: A python library for medical image reconstruction},
journal = {SoftwareX},
volume = {29},
pages = {102020},
year = {2025},
issn = {2352-7110},
doi = {https://doi.org/10.1016/j.softx.2024.102020},
url = {https://www.sciencedirect.com/science/article/pii/S235271102400390X},
author = {Lucas A. Polson and Roberto Fedrigo and Chenguang Li and Maziar Sabouri and Obed Dzikunu and Shadab Ahamed and Nicolas Karakatsanis and Sara Kurkowska and Peyman Sheikhzadeh and Pedro Esquinas and Arman Rahmim and Carlos Uribe},
}

@article{Kandarpa_2021,
   title={DUG-RECON: A Framework for Direct Image Reconstruction Using Convolutional Generative Networks},
   volume={5},
   ISSN={2469-7303},
   url={http://dx.doi.org/10.1109/TRPMS.2020.3033172},
   DOI={10.1109/trpms.2020.3033172},
   number={1},
   journal={IEEE Transactions on Radiation and Plasma Medical Sciences},
   publisher={Institute of Electrical and Electronics Engineers (IEEE)},
   author={Kandarpa, V. S. S. and Bousse, Alexandre and Benoit, Didier and Visvikis, Dimitris},
   year={2021},
   month=jan, pages={44–53} }


@misc{xue2023cg3dsrganclassificationguided3d,
      title={CG-3DSRGAN: A classification guided 3D generative adversarial network for image quality recovery from low-dose PET images}, 
      author={Yuxin Xue and Yige Peng and Lei Bi and Dagan Feng and Jinman Kim},
      year={2023},
      eprint={2304.00725},
      archivePrefix={arXiv},
      primaryClass={eess.IV},
      url={https://arxiv.org/abs/2304.00725}, 
}

@misc{ho2020denoisingdiffusionprobabilisticmodels,
      title={Denoising Diffusion Probabilistic Models}, 
      author={Jonathan Ho and Ajay Jain and Pieter Abbeel},
      year={2020},
      eprint={2006.11239},
      archivePrefix={arXiv},
      primaryClass={cs.LG},
      url={https://arxiv.org/abs/2006.11239}, 
}


@InProceedings{pmlr-v37-sohl-dickstein15,
  title = 	 {Deep Unsupervised Learning using Nonequilibrium Thermodynamics},
  author = 	 {Sohl-Dickstein, Jascha and Weiss, Eric and Maheswaranathan, Niru and Ganguli, Surya},
  booktitle = 	 {Proceedings of the 32nd International Conference on Machine Learning},
  pages = 	 {2256--2265},
  year = 	 {2015},
  editor = 	 {Bach, Francis and Blei, David},
  volume = 	 {37},
  series = 	 {Proceedings of Machine Learning Research},
  address = 	 {Lille, France},
  month = 	 {07--09 Jul},
  publisher =    {PMLR},
  pdf = 	 {http://proceedings.mlr.press/v37/sohl-dickstein15.pdf},
  url = 	 {https://proceedings.mlr.press/v37/sohl-dickstein15.html},
}


@article{townsend2004,
  author    = {David W. Townsend and Jonathan P. J. Carney and Jeffrey T. Yap and Nathan C. Hall},
  title     = {{PET/CT} today and tomorrow},
  journal   = {Journal of Nuclear Medicine},
  volume    = {45},
  number    = {1 Suppl},
  pages     = {4S--14S},
  year      = {2004},
  url       = {https://jnm.snmjournals.org/content/45/1_suppl/4S}
}

@article{surti2008,
  author    = {Suleman Surti and Joel S. Karp},
  title     = {Design considerations for a limited-angle, dedicated breast {TOF-PET} scanner},
  journal   = {Physics in Medicine and Biology},
  volume    = {53},
  number    = {11},
  pages     = {2911--2921},
  year      = {2008},
  url       = {https://pmc.ncbi.nlm.nih.gov/articles/PMC2636558/}
}

@article{tashima2012,
  author    = {Hideaki Tashima and Takatomo Yamaya and Eri Yoshida and Shingo Kinouchi and Masaaki Watanabe and Eiji Tanaka},
  title     = {A single-ring {OpenPET} enabling {PET} imaging during radiotherapy},
  journal   = {Physics in Medicine and Biology},
  volume    = {57},
  number    = {14},
  pages     = {4705--4718},
  year      = {2012},
  url       = {https://pubmed.ncbi.nlm.nih.gov/22750792/}
}

@article{krishnamoorthy2021,
  author    = {Sangeetha Krishnamoorthy and Boon-Keng K. Teo and Wei Zou and James McDonough and Joel S. Karp and Suleman Surti},
  title     = {A proof-of-concept study of an in-situ partial-ring time-of-flight {PET} scanner for proton beam verification},
  journal   = {{IEEE} Transactions on Radiation and Plasma Medical Sciences},
  volume    = {5},
  number    = {5},
  pages     = {694--702},
  year      = {2021},
  url       = {https://pubmed.ncbi.nlm.nih.gov/34746539/}
}

@book{kak1988,
  author    = {Avinash C. Kak and Malcolm Slaney},
  title     = {Principles of Computerized Tomographic Imaging},
  publisher = {{IEEE} Press},
  year      = {1988},
  url       = {https://epubs.siam.org/doi/book/10.1137/1.9780898719277}
}

@article{qi2006,
  author    = {Jinyi Qi and Richard M. Leahy},
  title     = {Iterative reconstruction techniques in emission computed tomography},
  journal   = {Physics in Medicine and Biology},
  volume    = {51},
  number    = {15},
  pages     = {R541--R578},
  year      = {2006},
  url       = {https://pubmed.ncbi.nlm.nih.gov/16861768/}
}

@article{zhang2020,
  author    = {Hengquan Zhang and Yuli Wang and Jinyi Qi and Shiva Abbaszadeh},
  title     = {Penalized maximum-likelihood reconstruction for improving limited-angle artifacts in a dedicated head and neck {PET} system},
  journal   = {Physics in Medicine and Biology},
  volume    = {65},
  number    = {16},
  pages     = {165016},
  year      = {2020},
  url       = {https://pubmed.ncbi.nlm.nih.gov/32325441/}
}

@article{liu2019,
  author    = {Cheng-Cheng Liu and Hsiu-Maan Huang},
  title     = {Partial-ring {PET} image restoration using a deep learning based method},
  journal   = {Physics in Medicine and Biology},
  volume    = {64},
  number    = {22},
  pages     = {225014},
  year      = {2019},
  url       = {https://pubmed.ncbi.nlm.nih.gov/31581143/}
}

@article{shan2024,
  author    = {Qing Shan and Jianqi Wang and Dong Liu},
  title     = {Deep image prior-based {PET} reconstruction from partial data},
  journal   = {{IEEE} Transactions on Radiation and Plasma Medical Sciences},
  volume    = {8},
  number    = {4},
  pages     = {416--425},
  year      = {2024},
  url       = {https://www.researchgate.net/publication/371031923_Deep_Image_Prior_Based_PET_Reconstruction_From_Partial_Data}
}

@article{reader2023,
  author    = {Andrew J. Reader and Bo Pan},
  title     = {Artificial intelligence for {PET} image reconstruction},
  journal   = {British Journal of Radiology},
  volume    = {96},
  number    = {1150},
  pages     = {20230292},
  year      = {2023},
  url       = {https://academic.oup.com/bjr/article/96/1150/20230292/7499053}
}

@article{vashistha2024,
  author    = {Rajat Vashistha and Viktor Vegh and Hamed Moradi and Amanda Hammond and Kevin O'Brien and David Reutens},
  title     = {Modular {GAN}: {PET} image reconstruction using two generative adversarial networks},
  journal   = {Frontiers in Radiology},
  volume    = {4},
  pages     = {1466498},
  year      = {2024},
  url       = {https://www.frontiersin.org/journals/radiology/articles/10.3389/fradi.2024.1466498/full}
}


@article{webber2024,
  author    = {George Webber and Andrew J. Reader},
  title     = {Diffusion Models for Medical Image Reconstruction},
  journal   = {British Journal of Radiology | Artificial Intelligence},
  volume    = {1},
  number    = {1},
  year      = {2024},
  doi       = {10.1093/bjrai/ubae013},
  url       = {https://doi.org/10.1093/bjrai/ubae013}
}


@article{singh2024,  
  author    = {Imraj R. D. Singh and Alexander Denker and Riccardo Barbano and {\v Z}eljko Kereta and Bangti Jin and Kris Thielemans and Peter Maass and Simon R. Arridge},  
  title     = {Score-Based Generative Models for PET Image Reconstruction},  
  journal   = {Machine Learning for Biomedical Imaging (MELBA)},  
  volume    = {2},  
  year      = {2024},  
  doi       = {10.59275/j.melba.2024-5d51},  
  url       = {https://melba-journal.org/papers/2024:001.html}  
}


@article{gong2024,  
  author    = {Kuang Gong and Keith A. Johnson and Georges El Fakhri and Quanzheng Li and Tinsu Pan},  
  title     = {{PET} image denoising based on denoising diffusion probabilistic model},  
  journal   = {European Journal of Nuclear Medicine and Molecular Imaging},  
  volume    = {51},  
  number    = {2},  
  pages     = {358--368},  
  year      = {2024},  
  doi       = {10.1007/s00259-023-06417-8},  
  url       = {https://pubmed.ncbi.nlm.nih.gov/37787849/}  
}




@inproceedings{han2023,  
  author    = {Zeyu Han and Yuhan Wang and Luping Zhou and Peng Wang and Binyu Yan and Jiliu Zhou and Yan Wang and Dinggang Shen},  
  title     = {Contrastive Diffusion Model with Auxiliary Guidance for Coarse-to-Fine {PET} Reconstruction},  
  booktitle = {Medical Image Computing and Computer Assisted Intervention – MICCAI 2023, {LNCS}},  
  pages     = {239--249},  
  year      = {2023},  
  publisher = {Springer},  
  doi       = {10.1007/978-3-031-43999-5_23}  
}


@article{saharia2023,  
  author    = {Chitwan Saharia and Jonathan Ho and William Chan and Tim Salimans and David J. Fleet and Mohammad Norouzi},  
  title     = {Image Super-Resolution via Iterative Refinement},  
  journal   = {IEEE Transactions on Pattern Analysis and Machine Intelligence},  
  year      = {2023},  
  doi       = {10.1109/TPAMI.2022.3204461}  
}



@article{xie2024,  
  author    = {Huidong Xie and Weijie Gan and Bo Zhou and *et al.*},  
  title     = {Dose-aware diffusion model for 3D low-dose {PET}: multi-institutional validation with reader study and real low-dose data},  
  journal   = {arXiv preprint arXiv:2405.12996},  
  year      = {2024},  
  url       = {https://arxiv.org/abs/2405.12996}  
}


@inproceedings{Hore2010PSNRvsSSIM,
  title={Image quality metrics: PSNR vs. SSIM},
  author={Hor{\'e}, Alain and Ziou, Djemel},
  booktitle={Proc. 20th International Conference on Pattern Recognition (ICPR)},
 pages={2366--2369},
  year={2010},
  publisher={IEEE}
}

@article{Wang2004SSIM,
  title={Image quality assessment: from error visibility to structural similarity},
  author={Wang, Zhou and Bovik, Alan C. and Sheikh, Hamid R. and Simoncelli, Eero P.},
  journal={IEEE Trans. Image Process.},
  volume={13},
  number={4},
  pages={600--612},
  year={2004},
  doi={10.1109/TIP.2003.819861}
}

@article{Higashiyama2024NMSE,
  title={{Investigation of the effectiveness of no-reference metric in image evaluation in nuclear medicine}},
  author={Higashiyama, Shigeaki and Katayama, Yutaka and Yoshida, Atsushi and Inoue, Nahoko and Yamanaga, Takashi and Ichida, Takao and Miki, Yukio and Kawabe, Joji},
  journal={PLOS ONE},
  volume={19},
  number={11},
  pages={e0310305},
  year={2024},
  doi={10.1371/journal.pone.0310305}
}


@article{Shojaeilangari2018PartialPET,
  title={Recovery of missing data in partial geometry PET scanners: Compensation in projection space vs image space},
  author={Shojaeilangari, Seyedehsamaneh and Schmidtlein, Clinton R. and Rahmim, Arman and Ay, Mohammad R.},
  journal={Medical Physics},
  volume={45},
  number={12},
  pages={5437--5449},
  year={2018},
  doi={10.1002/mp.13225}
}


@article{Liu2019PartialRing,
  title={Partial-ring PET image restoration using a deep learning based method},
  author={Liu, Chih-Chieh and Huang, Hsuan-Ming},
  journal={Phys. Med. Biol.},
  volume={64},
  number={22},
  pages={225014},
  year={2019},
  doi={10.1088/1361-6560/ab4aa9}
}


@inproceedings{Han2023DiffusionPET,
  title={Contrastive Diffusion Model with Auxiliary Guidance for Coarse-to-Fine PET Reconstruction},
  author={Han, Zeyu and Wang, Yuhan and Wang, Peng and Yan, Binyu and Wang, Yan and Zhou, Luping and Zhou, Jiliu and Shen, Dinggang},
  booktitle={Medical Image Computing and Computer-Assisted Intervention -- MICCAI 2023, LNCS},
  volume={14229},
  pages={239--249},
  publisher={Springer, Cham},
  year={2023},
  doi={10.1007/978-3-031-43999-5_23}
}

@misc{hatamizadeh2021unetrtransformers3dmedical,
      title={UNETR: Transformers for 3D Medical Image Segmentation}, 
      author={Ali Hatamizadeh and Yucheng Tang and Vishwesh Nath and Dong Yang and Andriy Myronenko and Bennett Landman and Holger Roth and Daguang Xu},
      year={2021},
      eprint={2103.10504},
      archivePrefix={arXiv},
      primaryClass={eess.IV},
      url={https://arxiv.org/abs/2103.10504}, 
}

@misc{oktay2018attentionunetlearninglook,
      title={Attention U-Net: Learning Where to Look for the Pancreas}, 
      author={Ozan Oktay and Jo Schlemper and Loic Le Folgoc and Matthew Lee and Mattias Heinrich and Kazunari Misawa and Kensaku Mori and Steven McDonagh and Nils Y Hammerla and Bernhard Kainz and Ben Glocker and Daniel Rueckert},
      year={2018},
      eprint={1804.03999},
      archivePrefix={arXiv},
      primaryClass={cs.CV},
      url={https://arxiv.org/abs/1804.03999}, 
}

@misc{ronneberger2015unetconvolutionalnetworksbiomedical,
      title={U-Net: Convolutional Networks for Biomedical Image Segmentation}, 
      author={Olaf Ronneberger and Philipp Fischer and Thomas Brox},
      year={2015},
      eprint={1505.04597},
      archivePrefix={arXiv},
      primaryClass={cs.CV},
      url={https://arxiv.org/abs/1505.04597}, 
}



@misc{chen2021transunettransformersmakestrong,
      title={TransUNet: Transformers Make Strong Encoders for Medical Image Segmentation}, 
      author={Jieneng Chen and Yongyi Lu and Qihang Yu and Xiangde Luo and Ehsan Adeli and Yan Wang and Le Lu and Alan L. Yuille and Yuyin Zhou},
      year={2021},
      eprint={2102.04306},
      archivePrefix={arXiv},
      primaryClass={cs.CV},
      url={https://arxiv.org/abs/2102.04306}, 
}

@misc{wang2021uformergeneralushapedtransformer,
      title={Uformer: A General U-Shaped Transformer for Image Restoration}, 
      author={Zhendong Wang and Xiaodong Cun and Jianmin Bao and Wengang Zhou and Jianzhuang Liu and Houqiang Li},
      year={2021},
      eprint={2106.03106},
      archivePrefix={arXiv},
      primaryClass={cs.CV},
      url={https://arxiv.org/abs/2106.03106}, 
}
